% Encoding: UTF-8
% uncomment next line to make author-year bibliography
@settings{label, options="authoryear"}

@Misc{rsgturkeybioinfonet,
	author = {[Website] {ISCBSC} Regional Student Group Turkey},
	title  = {\emph{Bioinfonet Webinar Series by {ISCBSC RSG} Turkey}},
	month  = jan,
	year   = {2018},
	note   = {[Accessed: January, 2018]},
	url    = {https://iscbrsgturkey.wordpress.com/tag/bioinfonet-project},
}

@Misc{scpub,
	author = {[Website] {ISCB Student Council}},
	title  = {\emph{List of Publications by ISCB Student Council and its affiliates}},
	month  = jan,
	year   = {2018},
	note   = {[Accessed: May 2018]},
	url    = {http://iscbsc.org/content/publications},
}

@Misc{parra2017youtube,
	author = {{[Video] R. Gonzalo Parra}},
	title  = {\emph{scTree: reconstructing complex cellular lineage trees from single-cell RNA-seq data}},
	month  = jul,
	year   = {2017},
	note   = {[Accessed: January 2018]},
	url    = {https://youtu.be/UO3Rok\_LuYI},
}

@Article{ubels2017,
	author  = {Joske Ubels AND Erik H. van Beers AND Annemiek Broijl AND Pieter Sonneveld AND Martin H. van Vliet AND Jeroen de Ridder},
	title   = {TOPSPIN: A novel algorithm to predict treatment specific survival in cancer},
	journal = {European Hematology Association Learning Center},
	year    = {2017},
	month   = may,
	note    = {[Accessed: May 2018]},
	url     = {https://learningcenter.ehaweb.org/eha/2017/22nd/181055},
}

@Misc{gal2017youtube,
	author = {{[Video] Gal Hyams}},
	title  = {\emph{CRISPys: gene family silencing using the CRISPR-Cas9 system}},
	month  = jul,
	year   = {2017},
	note   = {[Accessed: January 2018]},
	url    = {https://youtu.be/fRmpqWNMmt8?t=24m25s},
}

@Misc{flashtalks2017youtube,
	author = {{[Video] Various Presenters}},
	title  = {\emph{Flash talks at the 13th ISCB Student Council Symposium}},
	month  = jul,
	year   = {2017},
	note   = {[Accessed: May 2018]},
	url    = {https://youtu.be/fRmpqWNMmt8},
}

@Misc{2018symposiumsite,
	author = {{[Website] ISCB Student Council}},
	title  = {\emph{IThe 14th SCB Student Council Symposium}},
	month  = may,
	year   = {2018},
	note   = {[Accessed: August 2018]},
	url    = {http://scs2018.iscbsc.org},
}

@Misc{symposiumsite,
	author = {{[Website] ISCB Student Council}},
	title  = {\emph{ISCB Student Council Symposium}},
	month  = may,
	year   = {2018},
	note   = {[Accessed: August 2018]},
	url    = {http://symposium.iscbsc.org},
}

@Misc{scsafrica,
	author = {{[Website] ISCB Student Council}},
	title  = {\emph{ISCB ISCB African Student Council Symposium }},
	month  = may,
	year   = {2018},
	note   = {[Accessed: January 2018]},
	url    = {http://scsafrica.iscbsc.org},
}

@Misc{lascs,
	author = {{[Website] ISCB Student Council}},
	title  = {\emph{ISCB Latin American Student Council Symposium }},
	month  = may,
	year   = {2018},
	note   = {[Accessed: January 2018]},
	url    = {http://lascs.iscbsc.org},
}

@Misc{escs,
	author = {{[Website] ISCB Student Council}},
	title  = {\emph{ISCB European Student Council Symposium}},
	month  = may,
	year   = {2018},
	note   = {[Accessed: January 2018]},
	url    = {http://escs.iscbsc.org},
}

@Misc{pathwaystudio,
	author = {{Pathway Studio Team}},
	title  = {Pathway Studio$^{\tiny{\textregistered}}$},
	month  = jan,
	year   = {2018},
	note   = {[Accessed: January 2018]},
	url    = {https://www.elsevier.com/solutions/pathway-studio-biological-research},
}

@Article{Wilkins2016,
	author    = {Katie Wilkins and Mehedi Hassan and Margherita Francescatto and Jakob Jespersen and R. Gonzalo Parra and Bart Cuypers and Dan DeBlasio and Alexander Junge and Anupama Jigisha and Farzana Rahman and Griet Laenen and Sander Willems and Lieven Thorrez and Yves Moreau and Nagarajan Raju and Sonia Pankaj Chothani and C. Ramakrishnan and Masakazu Sekijima and M. Michael Gromiha and Paddy J Slator and Nigel J Burroughs and Przemys{\l}aw Sza{\l}aj and Zhonghui Tang and Paul Michalski and Oskar Luo and Xingwang Li and Yijun Ruan and Dariusz Plewczynski and Giulia Fiscon and Emanuel Weitschek and Massimo Ciccozzi and Paola Bertolazzi and Giovanni Felici and Bart Cuypers and Pieter Meysman and Manu Vanaerschot and Maya Berg and Hideo Imamura and Jean-Claude Dujardin and Kris Laukens and Westa Domanova and James R. Krycer and Rima Chaudhuri and Pengyi Yang and Fatemeh Vafaee and Daniel J. Fazakerley and Sean J. Humphrey and David E. James and Zdenka Kuncic},
	title     = {Highlights from the 11th {ISCB} Student Council Symposium 2015},
	journal   = {{BMC} Bioinformatics},
	year      = {2016},
	volume    = {17},
	number    = {S3},
	month     = feb,
	doi       = {10.1186/s12859-016-0901-4},
	publisher = {Springer Nature},
}

@InProceedings{techno-pitch,
	author    = {C.S. Diaz},
	title     = {Teaching the techno-pitch: Taking student innovators beyond the elevator pitch},
	booktitle = {2009 {IEEE} International Professional Communication Conference},
	year      = {2009},
	month     = jul,
	publisher = {{IEEE}},
	doi       = {10.1109/ipcc.2009.5208685},
}

@Article{souilmi2015,
	author    = {Yassine Souilmi and Imane Allali and Oussama Badad and Chinmay Kumar Dwibedi},
	title     = {Highlights of the first {ISCB} Student Council Symposium in Africa 2015},
	journal   = {F1000Research},
	year      = {2015},
	month     = aug,
	doi       = {10.12688/f1000research.6877.1},
	publisher = {F1000 Research, Ltd.},
}

@Article{shome2016,
	author    = {Sayane Shome and Pieter Meysman and R. Gonzalo Parra and Alexander Miguel Monzon and Nicolas Palopoli and Benjamen White and Farzana Rahman and Mehedi Hassan and Zeynep Özkeserli and Efejiro Ashano and V. Keith Hughitt and Muhammad Uzair Khan and Denis J. Murphy},
	title     = {{ISCB}-Student Council Narratives: Strategical development of the {ISCB}-Regional Student Groups in 2016},
	journal   = {F1000Research},
	year      = {2016},
	volume    = {5},
	pages     = {2882},
	month     = dec,
	doi       = {10.12688/f1000research.10420.1},
	publisher = {F1000 Research, Ltd.},
}

@Article{Gehlenborg2007,
	author    = {Nils Gehlenborg and Manuel Corpas and Sarath Janga},
	title     = {Highlights from the Third International Society for Computational Biology Student Council Symposium at the Fifteenth Annual International Conference on Intelligent Systems for Molecular Biology},
	journal   = {{BMC} Bioinformatics},
	year      = {2007},
	volume    = {8},
	number    = {Suppl 8},
	pages     = {I1},
	doi       = {10.1186/1471-2105-8-s8-i1},
	publisher = {Springer Nature},
}

@Article{corpas2005,
	author    = {Manuel Corpas},
	title     = {Scientists {\&} {Societies} : Graduate students band together to foster communication},
	journal   = {Nature},
	year      = {2005},
	volume    = {436},
	number    = {7054},
	pages     = {1204--1204},
	month     = aug,
	doi       = {10.1038/nj7054-1204b},
	publisher = {Springer Nature},
}

@Article{anupama2018,
	author    = {Jigisha Anupama and Margherita Francescatto and Farzana Rahman and Nazeefa Fatima and Dan DeBlasio and Avinash Kumar Shanmugam and Venkata Satagopam and Alberto Santos and Pandurang Kolekar and Magali Michaut and Emre Guney},
	title     = {The {ISCB} Student Council Internship Program: Expanding computational biology capacity worldwide},
	journal   = {{PLOS} Computational Biology},
	year      = {2018},
	volume    = {14},
	number    = {1},
	pages     = {e1005802},
	month     = jan,
	doi       = {10.1371/journal.pcbi.1005802},
	editor    = {Francis Ouellette},
	publisher = {Public Library of Science ({PLoS})},
}

@Article{roderic2005,
	author    = {Guigó Roderic and Federico Morán and Alfonso Valencia and Josep Abril},
	title     = {{ECCB}/{JBI} 2005 Organization},
	journal   = {Bioinformatics},
	year      = {2005},
	volume    = {21},
	number    = {Suppl 2},
	pages     = {ii3--ii5},
	month     = sep,
	doi       = {10.1093/bioinformatics/bti1146},
	publisher = {Oxford University Press ({OUP})},
}

@Article{riseanddemise,
	author    = {Christos A. Ouzounis},
	title     = {Rise and Demise of Bioinformatics? Promise and Progress},
	journal   = {{PLoS} Computational Biology},
	year      = {2012},
	volume    = {8},
	number    = {4},
	pages     = {e1002487},
	month     = apr,
	doi       = {10.1371/journal.pcbi.1002487},
	editor    = {Philip E. Bourne},
	publisher = {Public Library of Science ({PLoS})},
}

@Article{bioinformaticsmyths,
	author    = {C. Ouzounis},
	title     = {Two or three myths about bioinformatics},
	journal   = {Bioinformatics},
	year      = {2000},
	volume    = {16},
	number    = {3},
	pages     = {187--189},
	month     = mar,
	doi       = {10.1093/bioinformatics/16.3.187},
	publisher = {Oxford University Press ({OUP})},
}

@Article{Berger2016,
	author    = {Bonnie Berger and Noah M. Daniels and Y. William Yu},
	title     = {Computational biology in the 21st century},
	journal   = {Communications of the {ACM}},
	year      = {2016},
	volume    = {59},
	number    = {8},
	pages     = {72--80},
	month     = jul,
	doi       = {10.1145/2957324},
	publisher = {Association for Computing Machinery ({ACM})},
}

@Article{Moreau2010,
	author    = {Yves Moreau and Jaap Heringa, on behalf of the {ECCB}10 organizing and steering committees},
	title     = {{ECCB} 2010 Conference Proceedings},
	journal   = {Bioinformatics},
	year      = {2010},
	volume    = {26},
	number    = {18},
	pages     = {i412--i413},
	month     = sep,
	doi       = {10.1093/bioinformatics/btq482},
	publisher = {Oxford University Press ({OUP})},
}

@Article{Rahman2015,
	author    = {Farzana Rahman and Katie Wilkins and Annika Jacobsen and Alexander Junge and Esmeralda Vicedo and Dan DeBlasio and Anupama Jigisha and Tom{\'{a}}s Di Domenico},
	title     = {Highlights from the tenth {ISCB} Student Council Symposium 2014},
	journal   = {{BMC} Bioinformatics},
	year      = {2015},
	volume    = {16},
	number    = {Suppl 2},
	pages     = {A1},
	doi       = {10.1186/1471-2105-16-s2-a1},
	publisher = {Springer Nature},
}

@Article{cuypers2016,
	author    = {Bart Cuypers and Annika Jacobsen and Ben Siranosian and Kevin Schwahn and Ashley Mae Conard and Nanne Aben and Mehedi Hassan and Nazeefa Fatima and Susanne M.A. Hermans and Melissa Woghiren and Pieter Meysman and Farzana Rahman and Anupama Jigisha},
	title     = {Highlights from the {ISCB} Student Council Symposia in 2016},
	journal   = {F1000Research},
	year      = {2016},
	volume    = {5},
	pages     = {2852},
	month     = dec,
	doi       = {10.12688/f1000research.10389.1},
	publisher = {F1000 Research, Ltd.},
}

@Article{Francescatto2015,
	author    = {Margherita Francescatto and Susanne MA Hermans and Sepideh Babaei and Esmeralda Vicedo and Alexandre Borrel and Pieter Meysman},
	title     = {Highlights from the Third European International Society for Computational Biology ({ISCB}) Student Council Symposium 2014},
	journal   = {{BMC} Bioinformatics},
	year      = {2015},
	volume    = {16},
	number    = {Suppl 3},
	pages     = {A1},
	doi       = {10.1186/1471-2105-16-s3-a1},
	publisher = {Springer Nature},
}

@Article{Parra2015,
	author    = {R Parra and Franco L Simonetti and Marcia A Hasenahuer and Gabriel J Olguin-Orellana and Avinash K Shanmugam},
	title     = {Highlights from the 1st {ISCB} Latin American Student Council Symposium 2014},
	journal   = {{BMC} Bioinformatics},
	year      = {2015},
	volume    = {16},
	number    = {Suppl 8},
	pages     = {A1},
	doi       = {10.1186/1471-2105-16-s8-a1},
	publisher = {Springer Nature},
}

@Article{gonza2017,
	author    = {R. Gonzalo Parra and Nikolaos Papadopoulos and Laura Ahumada-Arranz and Jakob El Kholtei and Barbara Treutlein and Johannes Soeding},
	title     = {Reconstructing complex lineage trees from {scRNA}-seq data using {MERLoT}},
	journal   = {{Preprint: bioRxiv}},
	year      = {2017},
	month     = feb,
	doi       = {10.1101/261768},
	publisher = {Cold Spring Harbor Laboratory},
}

@Article{rafael2017,
	author    = {Candice N. Rafael and Efejiro Ashano and Yumna Moosa and Sayane Shome and Dan DeBlasio},
	title     = {Highlights of the second {ISCB} Student Council Symposium in Africa, 2017},
	journal   = {F1000Research},
	year      = {2017},
	volume    = {6},
	pages     = {2183},
	month     = dec,
	doi       = {10.12688/f1000research.13463.1},
	publisher = {F1000 Research, Ltd.},
}

@Article{darling2014,
	author    = {E. S. Darling},
	title     = {Use of double-blind peer review to increase author diversity},
	journal   = {Conservation Biology},
	year      = {2014},
	volume    = {29},
	number    = {1},
	pages     = {297--299},
	month     = jul,
	doi       = {10.1111/cobi.12333},
	publisher = {Wiley},
}

@Article{BUDDEN20084,
	author    = {A BUDDEN and T TREGENZA and L AARSSEN and J KORICHEVA and R LEIMU and C LORTIE},
	title     = {Double-blind review favours increased representation of female authors},
	journal   = {Trends in Ecology {\&} Evolution},
	year      = {2008},
	volume    = {23},
	number    = {1},
	pages     = {4--6},
	month     = jan,
	doi       = {10.1016/j.tree.2007.07.008},
	publisher = {Elsevier {BV}},
}

@Article{ismb2017,
	author    = {Niko Beerenwinkel and Yana Bromberg},
	title     = {{ISMB}/{ECCB} 2017 proceedings},
	journal   = {Bioinformatics},
	year      = {2017},
	volume    = {33},
	number    = {14},
	pages     = {i1--i2},
	month     = jul,
	doi       = {10.1093/bioinformatics/btx321},
	publisher = {Oxford University Press ({OUP})},
}

@Article{cathdb,
	author    = {Natalie L. Dawson and Tony E. Lewis and Sayoni Das and Jonathan G. Lees and David Lee and Paul Ashford and Christine A. Orengo and Ian Sillitoe},
	title     = {{CATH}: an expanded resource to predict protein function through structure and sequence},
	journal   = {Nucleic Acids Research},
	year      = {2016},
	volume    = {45},
	number    = {D1},
	pages     = {D289--D295},
	month     = nov,
	doi       = {10.1093/nar/gkw1098},
	publisher = {Oxford University Press ({OUP})},
}

@Article{MMseqs2,
	author    = {Martin Steinegger and Johannes Söding},
	title     = {{MMseqs}2 enables sensitive protein sequence searching for the analysis of massive data sets},
	journal   = {Nature Biotechnology},
	year      = {2017},
	month     = oct,
	doi       = {10.1038/nbt.3988},
	publisher = {Springer Nature},
}

@InBook{Largent201675,
	chapter   = {Blind Peer Review by Academic Journals},
	pages     = {75-95},
	title     = {Blinding as a Solution to Bias: Strengthening Biomedical Science, Forensic Science, and Law},
	publisher = {Academic Press Inc},
	year      = {2016},
	author    = {Emily A. Largent and Richard T. Snodgrass},
	editor    = {{Aaron Kesselheim and Christopher Robertson}},
	isbn      = {0128024607},
	date      = {2016-02-02},
	ean       = {9780128024607},
}

@Article{Nikitin2003,
	author    = {A. Nikitin and S. Egorov and N. Daraselia and I. Mazo},
	title     = {Pathway studio--the analysis and navigation of molecular networks},
	journal   = {Bioinformatics},
	year      = {2003},
	volume    = {19},
	number    = {16},
	pages     = {2155--2157},
	month     = oct,
	doi       = {10.1093/bioinformatics/btg290},
	publisher = {Oxford University Press ({OUP})},
}

@Article{careerexplosion,
	author    = {Alaina G. Levine},
	title     = {An Explosion Of Bioinformatics Careers},
	journal   = {Science},
	year      = {2014},
	month     = jun,
	doi       = {10.1126/science.opms.r1400143},
	publisher = {American Association for the Advancement of Science ({AAAS})},
}

@Article{corpas2008,
	author    = {Manuel Corpas and Nils Gehlenborg and Sarath Chandra Janga and Philip E. Bourne},
	title     = {Ten Simple Rules for Organizing a Scientific Meeting},
	journal   = {{PLoS} Computational Biology},
	year      = {2008},
	volume    = {4},
	number    = {6},
	pages     = {e1000080},
	month     = {jun},
	doi       = {10.1371/journal.pcbi.1000080},
	publisher = {Public Library of Science ({PLoS})},
}

@Article{10simpleruleswebinar,
	author    = {Nelson N. Gichora and Segun A. Fatumo and Mtakai V. Ngara and Noura Chelbat and Kavisha Ramdayal and Kenneth B. Opap and Geoffrey H. Siwo and Marion O. Adebiyi and Amina El Gonnouni and Denis Zofou and Amal A. M. Maurady and Ezekiel F. Adebiyi and Etienne P. de Villiers and Daniel K. Masiga and Jeffrey W. Bizzaro and Prashanth Suravajhala and Sheila C. Ommeh and Winston Hide},
	title     = {{Ten Simple Rules for Organizing a Virtual Conference{-}Anywhere}},
	journal   = {{PLoS} Computational Biology},
	year      = {2010},
	volume    = {6},
	number    = {2},
	pages     = {e1000650},
	month     = {feb},
	doi       = {10.1371/journal.pcbi.1000650},
	editor    = {Philip E. Bourne},
	publisher = {Public Library of Science ({PLoS})},
}

@Comment{jabref-meta: databaseType:bibtex;}
